@article{devlin2018bert,
  title={BERT: Pre-training of Deep Bidirectional Transformers for Language Understanding},
  author={Devlin, Jacob and Chang, Ming-Wei and Lee, Kenton and Toutanova, Kristina},
  journal={arXiv preprint arXiv:1810.04805},
  year={2018}
}

@article{reimers2019sentence,
  title={Sentence-BERT: Sentence Embeddings using Siamese BERT-Networks},
  author={Reimers, Nils and Gurevych, Iryna},
  journal={arXiv preprint arXiv:1908.10084},
  year={2019}
}

@article{mcinnes2017umap,
  title={UMAP: Uniform Manifold Approximation and Projection for Dimension Reduction},
  author={McInnes, Leland and Healy, John and Melville, James},
  journal={arXiv preprint arXiv:1802.03426},
  year={2017}
}

@article{campello2013density,
  title={Density-based clustering based on hierarchical density estimates},
  author={Campello, Ricardo JGB and Moulavi, Davoud and Sander, Joerg},
  journal={Advances in Knowledge Discovery and Data Mining},
  pages={160--172},
  year={2013},
  publisher={Springer}
}

@article{plotly2015,
  title={Collaborative data science},
  author={Plotly Technologies Inc.},
  journal={Plotly Technologies Inc.},
  address={Montreal, QC},
  year={2015},
  url={https://plot.ly}
}

@misc{scrapy2021,
  title={Scrapy: A fast and powerful scraping and web crawling framework},
  author={Scrapy developers},
  year={2021},
  url={https://scrapy.org}
}

@article{vaswani2017attention,
  title={Attention is all you need},
  author={Vaswani, Ashish and Shazeer, Noam and Parmar, Niki and Uszkoreit, Jakob and Jones, Llion and Gomez, Aidan N and Kaiser, {\L}ukasz and Polosukhin, Illia},
  journal={Advances in neural information processing systems},
  volume={30},
  year={2017}
}

@inproceedings{mcinerney2017exploring,
  title={Exploring user behavior in news articles using word cloud visualization},
  author={McInerney, James and Lacker, Kevin},
  booktitle={Proceedings of the 2017 CHI Conference Extended Abstracts on Human Factors in Computing Systems},
  pages={1635--1641},
  year={2017}
} 