@article{unknown_building_a_digital,
  title = {Building a Digital Platform},
  year = {2019},
  journal = {Designed for Digital},
  doi = {10.7551/mitpress/12188.003.0006},
  url = {https://doi.org/10.7551/mitpress/12188.003.0006},
}

@article{wang_overview_of_tourism,
  author = {Chanjuan Wang},
  title = {Overview of tourism industry research based on data software analysis},
  year = {2021},
  journal = {E3S Web of Conferences},
  doi = {10.1051/e3sconf/202125302034},
  url = {https://doi.org/10.1051/e3sconf/202125302034},
  abstract = {<jats:p>The rapid development of tourism promotes the study of tourism industry. It accumulates and summarizes a lot of relevant knowledge and theories. This paper takes the research literature of tou...},
}

@article{unknown_3dmarketprojectedtoreach17billion,
  title = {3d-market-projected-to-reach-17-billion},
  journal = {SAGE Business Researcher},
  doi = {10.1177/237455680432.n2},
  url = {https://doi.org/10.1177/237455680432.n2},
}

@article{fraunholz_agentbased_generation_and,
  author = {Christoph Fraunholz and Dogan Keles and Wolf Fichtner},
  title = {Agent-Based Generation and Storage Expansion Planning in Interconnected Electricity Markets},
  year = {2019},
  journal = {2019 16th International Conference on the European Energy Market (EEM)},
  doi = {10.1109/eem.2019.8916348},
  url = {https://doi.org/10.1109/eem.2019.8916348},
}

@article{adali_todays_rapidly_evolving,
  author = {Tülay Adali},
  title = {Today’s Rapidly Evolving Education Landscape: Challenges and Opportunities [From the Editor]},
  year = {2024},
  journal = {IEEE Signal Processing Magazine},
  doi = {10.1109/msp.2024.3404210},
  url = {https://doi.org/10.1109/msp.2024.3404210},
}

@article{kim_a_segmented_green,
  author = {Sul Kim and Joost Driessen and Olivier David Zerbib},
  title = {A Segmented Green Premium},
  doi = {10.2139/ssrn.4979728},
  url = {https://doi.org/10.2139/ssrn.4979728},
}

@article{burgers_new_thoughts_on,
  author = {Willem Burgers},
  title = {New Thoughts on Market Segmentation},
  year = {2008},
  journal = {Marketing Revealed},
  doi = {10.1057/9780230230873_7},
  url = {https://doi.org/10.1057/9780230230873_7},
}

@article{kinnarney_view_from_the,
  author = {Joe Kinnarney},
  title = {View from the Summit reveals gaps in the landscape},
  year = {2015},
  journal = {Journal of the American Veterinary Medical Association},
  doi = {10.2460/javma.247.11.1190},
  url = {https://doi.org/10.2460/javma.247.11.1190},
}

@article{unknown_developing_markets_for,
  title = {Developing markets for forest environmental services: an opportunity for promoting equity while securing eﬃciency?},
  year = {2013},
  journal = {Capturing Carbon and Conserving Biodiversity},
  doi = {10.4324/9781849770682-26},
  url = {https://doi.org/10.4324/9781849770682-26},
}

@article{unknown_reckitt_benckiser_posts,
  title = {Reckitt Benckiser posts strong first half 2004},
  year = {2004},
  journal = {Focus on Surfactants},
  doi = {10.1016/s1351-4210(04)00412-3},
  url = {https://doi.org/10.1016/s1351-4210(04)00412-3},
}

@article{batsch_fragmented_microgrowth_habitats,
  author = {Maxime Batsch and Isaline Guex and Helena Todorov and Clara M. Heiman and Jordan Vacheron and Julia A. Vorholt and Christoph Keel and Jan Roelof van der Meer},
  title = {Fragmented micro-growth habitats present opportunities for alternative competitive outcomes},
  doi = {10.1101/2024.01.26.577336},
  url = {https://doi.org/10.1101/2024.01.26.577336},
  abstract = {<jats:title>Abstract</jats:title><jats:p>Bacteria in nature often proliferate in highly patchy environments, such as soil pores, particles, plant roots or leaves. The resulting spatial fragmentation l...},
}

@article{unknown_development_opportunities_for,
  title = {Development Opportunities for Well-Established Technologies},
  journal = {The Business of Global Energy Transformation},
  doi = {10.1057/9781137024497.0018},
  url = {https://doi.org/10.1057/9781137024497.0018},
}

@article{kamel_building_an_agile,
  author = {S H Kamel},
  title = {Building an Agile, Competitive and Dynamic Entrepreneurial Ecosystem to Create a Startup Culture, Startup Nation, and a Startup Region: Case of Egypt and the MENA Region},
  journal = {KnE Social Sciences},
  doi = {10.18502/kss.v3i10.2892},
  url = {https://doi.org/10.18502/kss.v3i10.2892},
  abstract = {<jats:p>.</jats:p>},
}

@article{rof_borndigital_universities,
  author = {Albert Rof and Andrea Bikfalvi and Pilar Marques},
  title = {Born-Digital Universities},
  year = {2022},
  journal = {Digital Transformation and Disruption of Higher Education},
  doi = {10.1017/9781108979146.027},
  url = {https://doi.org/10.1017/9781108979146.027},
}

@article{unknown_how_can_biblical,
  title = {How Can Biblical Discourse be analyzed? : A Response to Several Attempts},
  journal = {Discourse Analysis and Other Topics in Biblical Greek},
  doi = {10.5040/9781474266673.0011},
  url = {https://doi.org/10.5040/9781474266673.0011},
}

@article{unknown_author_response_image,
  title = {Author response image 3. Embryonic regions distinguished by different sensitivity of Bcd activity and duration.},
  doi = {10.7554/elife.26258.022},
  url = {https://doi.org/10.7554/elife.26258.022},
}

@article{unknown_critical_success_factors,
  author = {  and Samuel Lehmann},
  title = {Critical Success Factors of a Knowledge-based Performance Measurement Model in the Swiss Financial Service Industry.},
  doi = {10.46289/poxc2791},
  url = {https://doi.org/10.46289/poxc2791},
}

@article{unknown_competitive_positioning_differentiation,
  title = {Competitive positioning: differentiation and price},
  year = {2012},
  journal = {Creating Value: Successful Business Strategies},
  doi = {10.4324/9780080503349-14},
  url = {https://doi.org/10.4324/9780080503349-14},
}

@article{secretariat_an_ocean_of,
  author = {Commonwealth Secretariat},
  title = {An Ocean of Opportunity: Commonwealth Blue Charter: Ocean Action Report},
  doi = {10.14217/comsec.959},
  url = {https://doi.org/10.14217/comsec.959},
  abstract = {<jats:p>The Commonwealth Blue Charter is an agreement by Commonwealth countries to actively co-operate in addressing the myriad of ocean-related issues and commitments that they face. Commonwealth Blu...},
}

@article{unknown_competitive_positioning,
  title = {Competitive Positioning},
  journal = {The Art of Strategy},
  doi = {10.1017/9781108572507.006},
  url = {https://doi.org/10.1017/9781108572507.006},
}

@article{abratt_competitive_analysis_and,
  author = {Russell Abratt and Michael Bendixen},
  title = {Competitive analysis and positioning},
  year = {2018},
  journal = {Strategic Marketing},
  doi = {10.4324/9780429489327-3},
  url = {https://doi.org/10.4324/9780429489327-3},
}

@article{aricioğlu_types_of_social,
  author = {Mustafa Atilla Aricioğlu and Yunus Emre Ertuğrul},
  title = {Types of Social Capital in the Context of Company Managers},
  year = {2023},
  journal = {Advances in Business Strategy and Competitive Advantage},
  doi = {10.4018/978-1-6684-6845-6.ch016},
  url = {https://doi.org/10.4018/978-1-6684-6845-6.ch016},
  abstract = {<jats:p>In the research, data were obtained from 200 different senior managers. As a result of the analysis, it was concluded that the attitudes of senior managers in Türkiye, the general level of tru...},
}

@article{unknown_performance_measurement_framework,
  author = {  and   and  },
  title = {Performance Measurement Framework for Highway Capacity Decision Making},
  doi = {10.17226/14255},
  url = {https://doi.org/10.17226/14255},
}

@article{ali_strategic_data_analysis,
  author = {Saad Ali},
  title = {Strategic Data Analysis Services: Empowering Businesses with Actionable Insights},
  doi = {10.31219/osf.io/d6q2u},
  url = {https://doi.org/10.31219/osf.io/d6q2u},
  abstract = {<p>Strategic Data Analysis Services: Empowering Businesses withActionable Insights</p>},
}

@article{horvai_teaching_bioanalytical_methods,
  author = {G. Horvai},
  title = {Teaching bioanalytical methods in a BSc analytical chemistry course},
  year = {2012},
  journal = {Analytical and Bioanalytical Chemistry},
  doi = {10.1007/s00216-012-6081-9},
  url = {https://doi.org/10.1007/s00216-012-6081-9},
}

@article{patricia_value_proposition_design,
  author = {Evelyn Patricia},
  title = {Value Proposition Design},
  doi = {10.31219/osf.io/kpd3b},
  url = {https://doi.org/10.31219/osf.io/kpd3b},
  abstract = {<p>mind map value proposition design</p>},
}

@article{unknown_is_there_a,
  title = {Is There a Clear Value Proposition?},
  year = {2014},
  journal = {Medical Staff Integration},
  doi = {10.1201/b17522-23},
  url = {https://doi.org/10.1201/b17522-23},
}

@article{nugroho_presentasi_materi_value,
  author = {Anggoro Dimas Pambudi Nugroho and Kamila Alamanda Putri Rahayu and Rinaldi Erjasllie},
  title = {Presentasi Materi Value Proposition Design, Chapter IV: Evolve},
  doi = {10.31219/osf.io/sv643},
  url = {https://doi.org/10.31219/osf.io/sv643},
  abstract = {<p>Merupakan presentasi materi dari buku Osterwalder, A. et al. (2014) Value proposition design: How to create products and services customers want. New Jersey: John Wiley and Sons.</p>},
}

@article{ivey_objectives_and_success,
  author = {William D. Ivey},
  title = {Objectives and Success - Linking National Policy Objectives and Military Strategic Objectives to Achieve Success.},
  year = {1996},
  doi = {10.21236/ada308549},
  url = {https://doi.org/10.21236/ada308549},
}

@article{unknown_key_recommendations_and,
  author = { },
  title = {Key recommendations and implementation roadmap},
  year = {2022},
  doi = {10.1787/462228c9-en},
  url = {https://doi.org/10.1787/462228c9-en},
}

@article{unknown_marketbased_competitive_advantage,
  title = {Market-based competitive advantage},
  year = {2015},
  journal = {Strategic Management and Business Analysis},
  doi = {10.4324/9781315745565-16},
  url = {https://doi.org/10.4324/9781315745565-16},
}

@article{unknown_europeonesizefitsallimmigrationdetentio...,
  title = {europe-one-size-fits-all-immigration-detention-fails-to-deliver-expected-outcomes},
  journal = {Human Rights Documents online},
  doi = {10.1163/2210-7975_hrd-9945-0048},
  url = {https://doi.org/10.1163/2210-7975_hrd-9945-0048},
}

@article{unknown_wellpositioned_adj,
  title = {well-positioned, adj.},
  year = {2023},
  journal = {Oxford English Dictionary},
  doi = {10.1093/oed/4269794872},
  url = {https://doi.org/10.1093/oed/4269794872},
}

@article{alexander_technical_manual_for,
  author = {G E Alexander},
  title = {Technical manual for a five digit BCD interface designed for use with a Monroe 1666 calculator},
  year = {1974},
  doi = {10.4095/300073},
  url = {https://doi.org/10.4095/300073},
}

@article{tremblay_taxation_of_digital,
  author = {Mark J. Tremblay},
  title = {Taxation of Digital Content in a Two-Sided Platform Marketplace},
  journal = {SSRN Electronic Journal},
  doi = {10.2139/ssrn.2640248},
  url = {https://doi.org/10.2139/ssrn.2640248},
}

@article{unknown_figure_31_ukraines,
  title = {Figure 3.1 Ukraine's score across the six dimensions of the Logistics performance index (2014)},
  doi = {10.1787/888933355817},
  url = {https://doi.org/10.1787/888933355817},
}

@article{zhu_the_pathology_biopsy,
  author = {Linzhen Zhu and Haoting Zhang and Haibo Gu and Jiangying Zhou},
  title = {The Pathology Biopsy Represents the "Gold Standard" for Diagnosis: A Case Report},
  doi = {10.2139/ssrn.4588264},
  url = {https://doi.org/10.2139/ssrn.4588264},
}

@article{ma_has_china_positioned,
  author = {Winston Ma},
  title = {HAS CHINA POSITIONED ITSELF AS A LEADER IN BIG TECH REGULATIONS?},
  year = {2022},
  journal = {The China Questions 2},
  doi = {10.2307/j.ctv2vr9cg3.37},
  url = {https://doi.org/10.2307/j.ctv2vr9cg3.37},
}

@article{unknown_index,
  title = {Index},
  journal = {Good Food, Strong Communities},
  doi = {10.2307/j.ctt20q2404.21},
  url = {https://doi.org/10.2307/j.ctt20q2404.21},
}

@article{tharenou_correlates_of_womens,
  author = {Phyllis Tharenou},
  title = {Correlates of Women's Chief Executive Status: Comparisons with Men Chief Executives and Women Top Managers},
  year = {1995},
  journal = {Journal of Career Development},
  doi = {10.1177/089484539502100302},
  url = {https://doi.org/10.1177/089484539502100302},
}

@article{unknown_exclusivity_makes_theaters,
  title = {Exclusivity Makes Theater's Membership Program a Hit},
  year = {2015},
  journal = {The Membership Management Report},
  doi = {10.1002/mmr.30118},
  url = {https://doi.org/10.1002/mmr.30118},
}

@article{qiao_a_700_v,
  author = {Ming Qiao and Lingli Jiang and Bo Zhang and Zhaoji Li},
  title = {A 700 V BCD technology platform for high voltage applications},
  year = {2012},
  journal = {Journal of Semiconductors},
  doi = {10.1088/1674-4926/33/4/044004},
  url = {https://doi.org/10.1088/1674-4926/33/4/044004},
}

@article{unknown_review_for_a,
  title = {Review for "A mathematical framework for analysing particle flow in a network with multiple pools"},
  year = {2023},
  doi = {10.1098/rsos.231588/v1/review1},
  url = {https://doi.org/10.1098/rsos.231588/v1/review1},
}

@article{ehrenfeucht_sealevel_rise_projections,
  author = {Shivani Ehrenfeucht and Mathieu Morlighem and Eric Rignot and Christine Dow},
  title = {Sea-level rise projections of Petermann Glacier, Greenland, modeled using synchronously coupled subglacial hydrology and ice flow dynamics},
  doi = {10.5194/egusphere-egu23-10253},
  url = {https://doi.org/10.5194/egusphere-egu23-10253},
  abstract = {<jats:p>Greenland ice shelves are known to display seasonal speedups of ice velocity which can be attributed to ice front position or to meltwater runoff, depending on which glacier is being examined....},
}

@article{unknown_figure_9_models,
  title = {Figure 9. Models of Bcd gradient formation.},
  doi = {10.7554/elife.13222.019},
  url = {https://doi.org/10.7554/elife.13222.019},
}

@article{wang_user_behavior_analysis,
  author = {Jun Wang},
  title = {User Behavior Analysis and Security Strategy Optimization of College English Learning Platform Using Dynamic Graph Convolutional Network},
  journal = {Network Security},
  doi = {10.70985/qnwmvn34},
  url = {https://doi.org/10.70985/qnwmvn34},
  abstract = {<jats:p>This paper aimed to address the shortcomings of current college English learning platforms in user behavior analysis and security protection, especially the lack of accurate abnormal behavior ...},
}

@article{borkulo_networkcomparisontest_statistical_compa...,
  author = {Claudia van Borkulo and Sacha Epskamp and Payton Jones},
  title = {NetworkComparisonTest: Statistical Comparison of Two Networks Based on Several Invariance Measures},
  year = {2016},
  journal = {CRAN: Contributed Packages},
  doi = {10.32614/cran.package.networkcomparisontest},
  url = {https://doi.org/10.32614/cran.package.networkcomparisontest},
}

@article{liu_resonance_algorithm_an,
  author = {Yu Liu and Qiguang Lin and Binbin Hong and Yunru Peng and Daniel Hjerpe and Xiaofeng Liu},
  title = {Resonance algorithm: An intuitive algorithm to find all shortest paths between two nodes},
  doi = {10.21203/rs.3.rs-1708390/v1},
  url = {https://doi.org/10.21203/rs.3.rs-1708390/v1},
  abstract = {<jats:title>Abstract</jats:title>
        <jats:p>The shortest path problem (SPP) is a classic problem and appears in a wide range of applications. Although a variety of algorithms already exist, new ...},
}

@article{unknown_figure_5_node,
  title = {Figure 5: Node importance based on frequency of disease occurrence and centrality measures.},
  doi = {10.7717/peerj.17649/fig-5},
  url = {https://doi.org/10.7717/peerj.17649/fig-5},
}

@article{chmurski_novel_radarbased_gesture,
  author = {Mateusz Chmurski and Mariusz Zubert},
  title = {Novel Radar-based Gesture Recognition System using Optimized CNN-LSTM Deep Neural Network for Low-power Microcomputer Platform},
  year = {2021},
  journal = {Proceedings of the 13th International Conference on Agents and Artificial Intelligence},
  doi = {10.5220/0010258008820890},
  url = {https://doi.org/10.5220/0010258008820890},
}

@article{unknown_combinatorial_optimization_problems,
  title = {Combinatorial optimization problems that can be formulated as nonconvex quadratic problems},
  journal = {Lecture Notes in Computer Science},
  doi = {10.1007/bfb0000038},
  url = {https://doi.org/10.1007/bfb0000038},
}

@article{gilbo_optimizing_airport_capacity,
  author = {E.P. Gilbo},
  title = {Optimizing airport capacity utilization in air traffic flow management subject to constraints at arrival and departure fixes},
  year = {1997},
  journal = {IEEE Transactions on Control Systems Technology},
  doi = {10.1109/87.623035},
  url = {https://doi.org/10.1109/87.623035},
}

@article{unknown_states_can_take,
  title = {States Can Take Steps to Address Potential Barriers to Equity in Stackable Credential Pipelines},
  year = {2023},
  doi = {10.7249/rba2484-1},
  url = {https://doi.org/10.7249/rba2484-1},
}

@article{unknown_perceptual_processing_ii,
  title = {Perceptual Processing II. Abstractions: How Can Perceptual Processing Be Characterized and Modeled as Flow of Abstract Information?},
  journal = {Perception of the Visual Environment},
  doi = {10.1007/0-387-21650-2_6},
  url = {https://doi.org/10.1007/0-387-21650-2_6},
}

@article{mathew_algorithm_for_shortest,
  author = {Joshin J. Mathew and Sabu M. Thampi},
  title = {Algorithm for Shortest Path between Two Nodes in a Network},
  journal = {Proceedings of the Student Research Symposium (SRS’12)},
  doi = {10.3850/978-981-07-3043-7_026},
  url = {https://doi.org/10.3850/978-981-07-3043-7_026},
}

@article{unknown_peer_review_2,
  title = {Peer Review #2 of "An integrated platform for intuitive mathematical programming modeling using LaTeX (v0.2)"},
  year = {2018},
  doi = {10.7287/peerj-cs.161v0.2/reviews/2},
  url = {https://doi.org/10.7287/peerj-cs.161v0.2/reviews/2},
}

@article{mei_biodiversity_conservation_and,
  author = {Zulin Mei},
  title = {Biodiversity conservation and ecosystem service promotion are different but compatible objectives : Relationships between environmental factors and natural enemies and natural pest control},
  doi = {10.18174/643163},
  url = {https://doi.org/10.18174/643163},
}

@article{unknown_practical_mathematical_optimization,
  title = {Practical Mathematical Optimization},
  year = {2005},
  journal = {Applied Optimization},
  doi = {10.1007/b105200},
  url = {https://doi.org/10.1007/b105200},
}

@article{zhou_prime_symmetry_and,
  author = {changzheng zhou and ZIQING zhou},
  title = {Prime Symmetry and the Unity of the Langlands  Program: A Rigorous Mathematical-Physical  Realization Based on a Three-Dimensional Framework},
  doi = {10.31219/osf.io/vm6q9_v1},
  url = {https://doi.org/10.31219/osf.io/vm6q9_v1},
  abstract = {<p>This paper achieves revolutionary breakthroughs in the Langlands program at the intersection of arithmetic geometry and quantum field theory by constructing a three-dimensional ”Symmetry-Correspond...},
}

@article{elliot_preparing_for_future,
  author = {Jimmy J. Elliot},
  title = {Preparing for Future Sophisticated Warfare: Special Operations},
  year = {1991},
  doi = {10.21236/ada529190},
  url = {https://doi.org/10.21236/ada529190},
}

@article{finch_knowing_the_enemy,
  author = {Lynette Finch},
  title = {Knowing the Enemy: Australian Psychological Warfare and the Business of Influencing Minds in the Second World War},
  year = {1998},
  journal = {War &amp; Society},
  doi = {10.1179/072924798791201336},
  url = {https://doi.org/10.1179/072924798791201336},
}

@article{edwards_not_the_british,
  author = {Aaron Edwards},
  title = {‘Not the British way of doing business’},
  year = {2024},
  journal = {Ground Truth},
  doi = {10.5040/9781350335554.0008},
  url = {https://doi.org/10.5040/9781350335554.0008},
}

@article{robinson_god_death_and,
  author = {Fred C. Robinson},
  title = {God, Death, and Loyalty in The Battle of Maldon},
  year = {2002},
  journal = {Old English Literature},
  doi = {10.12987/yale/9780300091397.003.0020},
  url = {https://doi.org/10.12987/yale/9780300091397.003.0020},
}

@article{unknown_taking_stock_strategic,
  title = {Taking stock: strategic communication by regulatory agencies as a form of reputation management},
  year = {2022},
  journal = {Innovation and regulatory agencies},
  doi = {10.4337/9781839108990.00029},
  url = {https://doi.org/10.4337/9781839108990.00029},
}

@article{greene_sustainable_strategies,
  author = {Robert J. Greene},
  title = {Sustainable Strategies},
  year = {2018},
  journal = {Rewarding Performance},
  doi = {10.4324/9780429429019-19},
  url = {https://doi.org/10.4324/9780429429019-19},
}

@article{yama_buying_hardball_playing,
  author = {Elliott Yama},
  title = {Buying hardball, playing price},
  year = {2004},
  journal = {Business Horizons},
  doi = {10.1016/j.bushor.2004.07.010},
  url = {https://doi.org/10.1016/j.bushor.2004.07.010},
}

@article{schmid_introduction_to_hybrid,
  author = {Johann Schmid},
  title = {Introduction to Hybrid Warfare – A Framework for comprehensive Analysis},
  year = {2021},
  journal = {Hybrid Warfare},
  doi = {10.1007/978-3-658-35109-0_2},
  url = {https://doi.org/10.1007/978-3-658-35109-0_2},
}

@article{klein_dns_cachebased_user,
  author = {Amit Klein and Benny Pinkas},
  title = {DNS Cache-Based User Tracking},
  year = {2019},
  journal = {Proceedings 2019 Network and Distributed System Security Symposium},
  doi = {10.14722/ndss.2019.23186},
  url = {https://doi.org/10.14722/ndss.2019.23186},
}

@article{unknown_figure_1_overlapping,
  title = {Figure 1: Overlapping and mutational analysis of four (Breast, ovarian, endometrial and cervical) cancer genes identified from four comprehensive literature-based databases.},
  doi = {10.7717/peerj.6872/fig-1},
  url = {https://doi.org/10.7717/peerj.6872/fig-1},
}

@article{blackshire_variable_data_collection,
  author = {Sheldon Blackshire},
  title = {Variable Data Collection Rate System for a Wildlife Behavior Monitor},
  doi = {10.33915/etd.5219},
  url = {https://doi.org/10.33915/etd.5219},
}

@article{verdiesen_comprehensive_human_oversight,
  author = {Ilse Verdiesen},
  title = {Comprehensive Human Oversight Framework to Ensure Accountability over Autonomous Weapon Systems},
  year = {2022},
  journal = {Proceedings of the 2022 AAAI/ACM Conference on AI, Ethics, and Society},
  doi = {10.1145/3514094.3539523},
  url = {https://doi.org/10.1145/3514094.3539523},
}

@article{venugopal_containerized_microservices_architecture,
  author = {M.V.L.N. Venugopal},
  title = {Containerized Microservices architecture},
  year = {2017},
  journal = {International Journal of Engineering and Computer Science},
  doi = {10.18535/ijecs/v6i11.20},
  url = {https://doi.org/10.18535/ijecs/v6i11.20},
}

@article{davison_measuring_competitive_intelligence,
  author = {Leigh Davison},
  title = {Measuring competitive intelligence effectiveness: Insights from the advertising industry},
  year = {2001},
  journal = {Competitive Intelligence Review},
  doi = {10.1002/cir.1029},
  url = {https://doi.org/10.1002/cir.1029},
  abstract = {<jats:title>Abstract</jats:title><jats:p>This article investigates the need and ability of competitive intelligence (CI) departments to become accountable for the work they produce. Synthesis of curre...},
}

@article{unknown_table_1_tracking,
  title = {Table 1. Tracking of bcd*GFP particles in wild-type and mutant stage 9 oocytes.},
  doi = {10.7554/elife.17537.007},
  url = {https://doi.org/10.7554/elife.17537.007},
}

@article{reiff_multiagent_sophisticated_system,
  author = {T. Reiff and P. Sincak},
  title = {Multi-Agent Sophisticated System For Intelligent Technologies},
  year = {2008},
  journal = {2008 IEEE International Conference on Computational Cybernetics},
  doi = {10.1109/icccyb.2008.4721375},
  url = {https://doi.org/10.1109/icccyb.2008.4721375},
}

@article{jhuria_improve_performance_dsr,
  author = {Manoj Jhuria and Shailendra Singh},
  title = {Improve Performance DSR Protocol by Application of Mobile Agent},
  year = {2014},
  journal = {2014 Fourth International Conference on Communication Systems and Network Technologies},
  doi = {10.1109/csnt.2014.74},
  url = {https://doi.org/10.1109/csnt.2014.74},
}

@article{unknown_quadrupole_gas_analyzer,
  title = {Quadrupole gas analyzer continuously monitors atmospheric composition},
  year = {1966},
  journal = {Vacuum},
  doi = {10.1016/s0042-207x(96)90034-2},
  url = {https://doi.org/10.1016/s0042-207x(96)90034-2},
}

@article{bouadjioboulic_dynamic_agentbased_network,
  author = {Audren Bouadjio-Boulic and Frederic Amblard and Benoit Gaudou},
  title = {Dynamic Agent-based Network Generation},
  year = {2017},
  journal = {Proceedings of the 9th International Conference on Agents and Artificial Intelligence},
  doi = {10.5220/0006202705990606},
  url = {https://doi.org/10.5220/0006202705990606},
}

@article{bieganski_multiagent_platform_for,
  author = { P. Bieganski and  A. Byrski and  M. Kisiel-Dorohinicki},
  title = {Multi-agent platform for Distributed Soft Computing},
  journal = {INTELIGENCIA ARTIFICIAL},
  doi = {10.4114/ia.v9i28.866},
  url = {https://doi.org/10.4114/ia.v9i28.866},
}

@article{unknown_intelligent_robot_collaboration,
  title = {Intelligent Robot Collaboration System: Construction Principles, Technical Implementation, and Application Practice},
  year = {2024},
  doi = {10.38007/978-1-80053-746-0},
  url = {https://doi.org/10.38007/978-1-80053-746-0},
}

@article{koh_effects_of_delays,
  author = { Koh},
  title = {Effects of delays and network graphs on multi-agent network dynamics stability and performance},
  doi = {10.17760/d20294219},
  url = {https://doi.org/10.17760/d20294219},
}

@article{unknown_quality_control_of,
  title = {Quality Control of Everyday Products with AFM Creates Competitive Advantages},
  journal = {Highlights},
  doi = {10.4053/hi318-091124},
  url = {https://doi.org/10.4053/hi318-091124},
}

@article{fingerhut_digital_quality_management,
  author = {Martin Fingerhut and Chad Bachynski, P. Eng and Brad Raabis},
  title = {Digital Quality Management System (Qms) Provides Unprecedented Business Improvements and Return on Investment},
  doi = {10.1115/1.0003500v},
  url = {https://doi.org/10.1115/1.0003500v},
}

@article{unknown_5chapter_qualitybased_development,
  title = {5Chapter Quality-Based Development of Agent Systems},
  year = {2009},
  journal = {Quality Assurance of Agent-Based and Self-Managed Systems},
  doi = {10.1201/9781439812679-9},
  url = {https://doi.org/10.1201/9781439812679-9},
}

@article{unknown_developing_an_agentbased,
  title = {Developing An Agent-Based Model},
  year = {2020},
  journal = {Agent-Based Models},
  doi = {10.4135/9781506355580.n8},
  url = {https://doi.org/10.4135/9781506355580.n8},
}

@article{weyns_capturing_expertise_in,
  author = {Danny Weyns},
  title = {Capturing Expertise in Multi-agent System Engineering with Architectural Patterns},
  year = {2010},
  journal = {Architecture-Based Design of Multi-Agent Systems},
  doi = {10.1007/978-3-642-01064-4_3},
  url = {https://doi.org/10.1007/978-3-642-01064-4_3},
}

@article{kutlu_fuzzy_failure_modes,
  author = {Ahmet Can Kutlu and Mehmet Ekmekçioğlu},
  title = {Fuzzy failure modes and effects analysis by using fuzzy TOPSIS-based fuzzy AHP},
  year = {2012},
  journal = {Expert Systems with Applications},
  doi = {10.1016/j.eswa.2011.06.044},
  url = {https://doi.org/10.1016/j.eswa.2011.06.044},
}

@article{haque_a_catastrophic_failure,
  author = {ANAMUL HAQUE},
  title = {A Catastrophic Failure: Unbridled Urban Wastewater Discharge and its Devastating Environmental Impact in Northern Dhaka: An Urgent Call for Transformative Action},
  doi = {10.2139/ssrn.5330077},
  url = {https://doi.org/10.2139/ssrn.5330077},
}

@article{khaustova_repertory_theatre_marketing,
  author = {Dariya Khaustova},
  title = {REPERTORY THEATRE MARKETING: WHAT WORKED YESTERDAY MAY NOT WORK TOMORROW},
  year = {2020},
  journal = {SWS International Scientific Conference on Arts and Humanities - ISCAH},
  doi = {10.5593/sws.iscah.2020.7.1/s23.11},
  url = {https://doi.org/10.5593/sws.iscah.2020.7.1/s23.11},
}

@article{singer_ai_creates_the,
  author = {Jonathan B. Singer and Johanna Creswell Báez and Juan A. Rios},
  title = {AI Creates the Message: Integrating AI Language Learning Models into Social Work Education and Practice},
  year = {2023},
  journal = {Journal of Social Work Education},
  doi = {10.1080/10437797.2023.2189878},
  url = {https://doi.org/10.1080/10437797.2023.2189878},
}

@article{ghrieb_maintaining_organizational_multiagent,
  author = {Nawel Ghrieb and Farid Mokhati and Tahar Guerram},
  title = {Maintaining Organizational Multi-agent Systems: A Reorganization-based Preventive Approach},
  year = {2021},
  journal = {Proceedings of the 13th International Conference on Agents and Artificial Intelligence},
  doi = {10.5220/0010314803840389},
  url = {https://doi.org/10.5220/0010314803840389},
}

@article{carney_agentbased_modeling_scientific,
  author = {Molly Carney and Benjamin Davies},
  title = {Agent-Based Modeling, Scientific Reproducibility, and Taphonomy:  A Successful Model Implementation Case Study},
  doi = {10.31235/osf.io/tckav},
  url = {https://doi.org/10.31235/osf.io/tckav},
  abstract = {<p>There is a growing use of agent-based model (ABM) simulations to reconstruct past human-environment interactions. ABMs are useful in that they offer scientists the opportunity to model processes, p...},
}

@article{showstack_white_house_national,
  author = {Randy Showstack},
  title = {White House: National Security Plans Must Consider Climate Risks},
  year = {2016},
  journal = {Eos},
  doi = {10.1029/2016eo059899},
  url = {https://doi.org/10.1029/2016eo059899},
  abstract = {<jats:p>Along with the new policy directive, the administration released a report on how climate changes—from more extreme weather to sea level rise—can threaten national security.</jats:p>},
}

@article{cakir_understanding_the_impact,
  author = {Fatma Sonmez Cakir and Omer Yazici and Zafer Adiguzel},
  title = {Understanding the impact of external risk factors on business performance: a comprehensive analysis},
  journal = {foresight},
  doi = {10.1108/fs-02-2025-0025},
  url = {https://doi.org/10.1108/fs-02-2025-0025},
  abstract = {<jats:sec>
                  <jats:title>Purpose</jats:title>
                  <jats:p>The purpose of this paper is to analyze the impact of various external risk factors on companies operating in th...},
}

@article{stiemer_mitigation_of_aiinherent,
  author = {Marcus Stiemer and Harald Mathis and Cécile Lecampion and Wenceslas Rahajandraibed and Christian Hedayat},
  title = {Mitigation of AI-inherent risks in AI-supported industrial development and scientific research},
  year = {2024},
  journal = {2024 Smart Systems Integration Conference and Exhibition (SSI)},
  doi = {10.1109/ssi63222.2024.10740510},
  url = {https://doi.org/10.1109/ssi63222.2024.10740510},
}

@article{ferede_artificial_intelligence_ai,
  author = {Dereje Ferede},
  title = {Artificial Intelligence (AI) and Healthcare Capabilities: A Systematic Literature Review},
  journal = {F1000Research},
  doi = {10.12688/f1000research.158477.1},
  url = {https://doi.org/10.12688/f1000research.158477.1},
  abstract = {<ns3:p>Artificial Intelligence (AI) has the potential to transform the healthcare ecosystem, but further research is needed to understand how it can enhance healthcare capabilities. This study analyze...},
}

@article{hosseini_generative_ai_a,
  author = {Donnesh Dustin Hosseini},
  title = {Generative AI: a problematic illustration of the intersections of racialized gender, race, ethnicity},
  doi = {10.31219/osf.io/987ra},
  url = {https://doi.org/10.31219/osf.io/987ra},
  abstract = {<p>This paper investigates how generative AI tools such as DALL-E can create imagery which (re)produce racist, gendered and racially gendered representations of peoples. This paper gives educators ins...},
}

@article{jia_aidriven_audience_development,
  author = {Tingya Jia},
  title = {AI-Driven Audience Development and Cultural Identity Construction: Optimizing Audience Attraction Strategies for Small Theatres and Live Venues through Data Analysis and Behavior Prediction},
  journal = {Applied and Computational Engineering},
  doi = {10.54254/2755-2721/2025.22845},
  url = {https://doi.org/10.54254/2755-2721/2025.22845},
  abstract = {<jats:p> Under the impact of the digital wave, small and medium-sized theaters and live performance venues are facing the dual challenges of reducing passenger flow and intensifying competition from c...},
}

@article{simas_humanai_interaction_an,
  author = {Gustavo Simas and Vânia Ribas Ulbricht},
  title = {Human-AI Interaction: An Analysis of Anthropomorphization and User Engagement in Conversational Agents with a Focus on ChatGPT},
  journal = {AHFE International},
  doi = {10.54941/ahfe1004510},
  url = {https://doi.org/10.54941/ahfe1004510},
  abstract = {<jats:p>Anthropomorphism, the attribution of human-like characteristics to non-human entities, and Human-Computer Interaction (HCI) or Human-AI Interaction (HAI) have become a significant topic of int...},
}

@article{beck_phase_1_in,
  author = {Manuel Beck},
  title = {Phase 1 in the Sales Cycle: AI in Lead Generation and Qualification},
  year = {2025},
  journal = {Artificial Intelligence in Sales},
  doi = {10.1007/978-3-658-48033-2_3},
  url = {https://doi.org/10.1007/978-3-658-48033-2_3},
}

@article{diaz_building_up_childrobot,
  author = {Marta Diaz and Neus Nuno and Joan Saez-Pons and Diego E. Pardo and Cecilio Angulo},
  title = {Building up child-robot relationship for therapeutic purposes: From initial attraction towards long-term social engagement},
  year = {2011},
  journal = {Face and Gesture 2011},
  doi = {10.1109/fg.2011.5771375},
  url = {https://doi.org/10.1109/fg.2011.5771375},
}

@article{maltby_a_psychological_framework,
  author = {John Maltby},
  title = {A Psychological Framework for AI Integration in Agriculture: Advancing Net Zero Through Integrating Behavioral Change Factors},
  doi = {10.31219/osf.io/jyw86_v1},
  url = {https://doi.org/10.31219/osf.io/jyw86_v1},
  abstract = {<p>This paper investigates the psychological determinants influencing farmers' adoption of Artificial Intelligence (AI) technologies towards achieving Net Zero emissions in agriculture. The adoption p...},
}

@article{viola_focus_of_attentioncontext,
  author = {Ivan Viola and Mario Costa Sousa},
  title = {Focus of attention+context and smart visibility in visualization},
  year = {2006},
  journal = {ACM SIGGRAPH 2006 Courses on   - SIGGRAPH '06},
  doi = {10.1145/1185657.1185695},
  url = {https://doi.org/10.1145/1185657.1185695},
}

@article{kearns_content_moderation_assistance,
  author = {Liam Kearns},
  title = {Content moderation assistance through image caption generation},
  year = {2025},
  journal = {Intelligent Systems with Applications},
  doi = {10.1016/j.iswa.2025.200489},
  url = {https://doi.org/10.1016/j.iswa.2025.200489},
}

@article{unknown_value_proposition_in,
  title = {Value proposition in the cleaning aisle},
  year = {2014},
  journal = {Focus on Surfactants},
  doi = {10.1016/s1351-4210(14)70095-2},
  url = {https://doi.org/10.1016/s1351-4210(14)70095-2},
}

@article{li_the_role_of,
  author = { Changkui LI},
  title = {The Role of Artificial Intelligence in Enhancing Trade Facilitation through Single Window Systems},
  journal = {Journal of AI-Driven Trade Facilitation Engineering and Single Window Systems},
  doi = {10.6914/sw.010101},
  url = {https://doi.org/10.6914/sw.010101},
  abstract = {<jats:p>This paper explores the role of Artificial Intelligence (AI) in enhancing trade facilitation through its integration with Single Window Systems (SWS). It investigates how AI technologies such ...},
}

@article{unknown_bcg_portfolio_matrix,
  title = {BCG Portfolio Matrix},
  year = {2004},
  journal = {Dictionary of Strategy: Strategic Management A-Z},
  doi = {10.4135/9781452229805.n59},
  url = {https://doi.org/10.4135/9781452229805.n59},
}

@article{baek_mcommerce_market_development,
  author = {Seung Baek},
  title = {M-Commerce Market Development Scenarios in Korea},
  journal = {Global Mobile Commerce},
  doi = {10.4018/9781599045580.ch015},
  url = {https://doi.org/10.4018/9781599045580.ch015},
}

@article{rao_nonprice_strategies_market,
  author = {Ramamohan Rao},
  title = {Non-Price Strategies, Market Dominance and Market Power},
  journal = {SSRN Electronic Journal},
  doi = {10.2139/ssrn.3523947},
  url = {https://doi.org/10.2139/ssrn.3523947},
}

@article{forsyth_cash_cow,
  author = {Oli Forsyth},
  title = {Cash Cow},
  year = {2019},
  journal = {Cash Cow},
  doi = {10.5040/9781350138261.00000003},
  url = {https://doi.org/10.5040/9781350138261.00000003},
}

@article{unknown_aienhanced_portfolio_management,
  title = {AI-Enhanced Portfolio Management: Leveraging Machine Learning for Optimized Investment Strategies in 2024.},
  journal = {Journal of Informatics Education and Research},
  doi = {10.52783/jier.v4i3.1487},
  url = {https://doi.org/10.52783/jier.v4i3.1487},
}

@article{montag_successful_implementation_of,
  author = {Christian Montag and Michèle Finck},
  title = {Successful implementation of the EU AI Act requires interdisciplinary efforts},
  journal = {Nature Machine Intelligence},
  doi = {10.1038/s42256-024-00954-z},
  url = {https://doi.org/10.1038/s42256-024-00954-z},
}

@article{sittig_safe_electronic_health,
  author = {Dean F. Sittig},
  title = {Safe Electronic Health Record Use Requires a Comprehensive Monitoring and Evaluation Framework},
  year = {2010},
  journal = {JAMA},
  doi = {10.1001/jama.2010.61},
  url = {https://doi.org/10.1001/jama.2010.61},
}

@article{kereopayorke_building_resilient_aienabled,
  author = {Ben Kereopa-Yorke},
  title = {Building resilient AI-enabled cybersecurity frameworks},
  year = {2025},
  journal = {AI-Enabled Threat Intelligence and Cyber Risk Assessment},
  doi = {10.1201/9781003504979-9},
  url = {https://doi.org/10.1201/9781003504979-9},
}

@article{unknown_traditional_and_theoretical,
  title = {Traditional and Theoretical Frameworks of Study},
  year = {2012},
  journal = {Marketing Geography (RLE Retailing and Distribution)},
  doi = {10.4324/9780203103784-8},
  url = {https://doi.org/10.4324/9780203103784-8},
}

@article{mohapatra_a_novel_approach,
  author = {Smaranika Mohapatra},
  title = {A Novel Approach to Analyze and Predict the Crop Yield Productivity Using Machine Learning Algorithms},
  year = {2020},
  journal = {Journal of Advanced Research in Dynamical and Control Systems},
  doi = {10.5373/jardcs/v12sp3/20201234},
  url = {https://doi.org/10.5373/jardcs/v12sp3/20201234},
}

@article{molnár_examining_demographic_and,
  author = {László Molnár and Kata Horváth},
  title = {Examining Demographic and Psychographic Factors in Ai Perception},
  doi = {10.2139/ssrn.5215168},
  url = {https://doi.org/10.2139/ssrn.5215168},
}

@article{vuyyuru_unlocking_future_consumer,
  author = {Srinivasa Vuyyuru},
  title = {Unlocking Future Consumer Insights: Using Predictive Analytics and AI to Shape Proactive Retail Strategies},
  journal = {SSRN Electronic Journal},
  doi = {10.2139/ssrn.5283693},
  url = {https://doi.org/10.2139/ssrn.5283693},
}

@article{polu_ai_driven_malware,
  author = {Omkar Reddy Polu},
  title = {AI - Driven Malware Classification Using Static and Dynamic Analysis},
  year = {2024},
  journal = {International Journal of Science and Research (IJSR)},
  doi = {10.21275/sr24062114525},
  url = {https://doi.org/10.21275/sr24062114525},
}

@article{marshak_challenges_in_supporting,
  author = {Ronni Marshak},
  title = {Challenges in Supporting Customer Scenarios® Across Multiple Touchpoints},
  doi = {10.1571/ce12-12-02cc},
  url = {https://doi.org/10.1571/ce12-12-02cc},
}

@article{parsaei_exploring_audience_engagement,
  author = {Pourya Parsaei},
  title = {Exploring Audience Engagement with Sustainability Influencers: Insights from Two Field Studies},
  doi = {10.22215/etd/2025-16403},
  url = {https://doi.org/10.22215/etd/2025-16403},
}

@article{shevchenko_analysis_of_the,
  author = {A. I. Shevchenko and Y. P. Kondratenko and V. I. Slyusar and I. P. Atamanyuk and G. V. Kondratenko and T. V. Yeroshenko},
  title = {Analysis of the Prospect Domains in AI Implementation: Nationals, NATO and Ukraine AI Strategies},
  year = {2024},
  journal = {Research Tendencies and Prospect Domains for AI Development and Implementation},
  doi = {10.1201/9788770046947-1},
  url = {https://doi.org/10.1201/9788770046947-1},
}

@article{balcıoğlu_aidriven_personalization_in,
  author = {Yavuz Selim Balcıoğlu},
  title = {AI-Driven Personalization in Omnichannel Marketing},
  year = {2024},
  journal = {Advances in Marketing, Customer Relationship Management, and E-Services},
  doi = {10.4018/979-8-3693-5340-0.ch004},
  url = {https://doi.org/10.4018/979-8-3693-5340-0.ch004},
  abstract = {<jats:p>This chapter explores the transformative role of AI-driven personalization in omnichannel marketing, emphasizing its importance in enhancing customer engagement and loyalty. It begins by defin...},
}

@article{unknown_ai_learns_differently,
  title = {AI Learns Differently from People},
  year = {2025},
  journal = {Materials Performance},
  doi = {10.5006/mp2025_64_4-12},
  url = {https://doi.org/10.5006/mp2025_64_4-12},
}

@article{rath_ai_powered_legal,
  author = {Alisha Rath},
  title = {AI Powered Legal Decision Support System},
  doi = {10.31979/etd.877v-yfm2},
  url = {https://doi.org/10.31979/etd.877v-yfm2},
}

@article{tong_a_web_services,
  author = { Xiaoyang Tong},
  title = {A web services based wide-area corporation multi-agent system platform for power system},
  year = {2008},
  journal = {2008 IEEE Conference on Cybernetics and Intelligent Systems},
  doi = {10.1109/iccis.2008.4670771},
  url = {https://doi.org/10.1109/iccis.2008.4670771},
}

@article{cao_mechanical_structure_and,
  author = {Shukun Cao and Heng Zhang and Changsheng Ai and Lei Shi and Xiangbo Ze},
  title = {Mechanical Structure and Motion Control System Design for Continuously Sintering Furnace},
  year = {2009},
  journal = {2009 International Conference on Advanced Computer Control},
  doi = {10.1109/icacc.2009.138},
  url = {https://doi.org/10.1109/icacc.2009.138},
}

@article{unknown_importance_of_value,
  title = {Importance of Value Propositions},
  year = {2017},
  journal = {Maximizing Value Propositions to Increase Project Success Rates},
  doi = {10.1201/b16786-6},
  url = {https://doi.org/10.1201/b16786-6},
}

@article{paul_aipowered_route_optimization,
  author = {Rudrendu Kumar Paul and Bidyut Sarkar},
  title = {AI-Powered Route Optimization System in Supply Chain Operations},
  year = {2022},
  journal = {International Journal of Science and Research (IJSR)},
  doi = {10.21275/es231119103321},
  url = {https://doi.org/10.21275/es231119103321},
}

@article{minina_the_effect_of,
  author = {Tamara Minina},
  title = {The Effect of AI on Marketing Processes},
  year = {2023},
  journal = {International Journal of Science and Research (IJSR)},
  doi = {10.21275/sr231026202614},
  url = {https://doi.org/10.21275/sr231026202614},
}

@article{redinbo_editors_evaluation_simmer,
  author = {Matthew Redinbo},
  title = {Editor's evaluation: SIMMER employs similarity algorithms to accurately identify human gut microbiome species and enzymes capable of known chemical transformations},
  year = {2022},
  doi = {10.7554/elife.82401.sa0},
  url = {https://doi.org/10.7554/elife.82401.sa0},
}

@article{ball_chemistry_nobel_awarded,
  author = {Philip Ball},
  title = {Chemistry Nobel Awarded for an AI System That Predicts Protein Structures},
  journal = {Physics},
  doi = {10.1103/physics.17.149},
  url = {https://doi.org/10.1103/physics.17.149},
}

@article{abdallah_gulf_of_suez,
  author = {Yasser Abdallah and Nabil Salah and Emad Saad and El-Sayed Bedair and Rini Soegiyono},
  title = {Gulf of Suez Continuous Gas Lift Real-Time Optimization Strategy},
  journal = {Proceedings of North Africa Technical Conference and Exhibition},
  doi = {10.2523/128533-ms},
  url = {https://doi.org/10.2523/128533-ms},
}

@article{sadrnia_the_future_of,
  author = {Leila Sadrnia},
  title = {The Future of Marketing: How Predictive Modeling Optimizes Campaign Strategies},
  year = {2023},
  journal = {iBusiness},
  doi = {10.4236/ib.2023.154018},
  url = {https://doi.org/10.4236/ib.2023.154018},
}

@article{froolik_effect_ai_powered,
  author = {Alderd J. Froolik},
  title = {Effect AI powered Email Automation: An Analysis of Email Marketing Automation},
  doi = {10.31219/osf.io/uzsaf},
  url = {https://doi.org/10.31219/osf.io/uzsaf},
  abstract = {<p>This research study focuses on investigating the effectiveness of AI powered email automation in enhancing customer retention, increasing sales, and improving customer satisfaction. Email automatio...},
}

@article{thakral_comparative_study_and,
  author = {Shaveta Thakral and Dipali Bansal},
  title = {Comparative study and implementation of BCD adders for reversible logic based ALU},
  year = {2017},
  journal = {2017 2nd International Conference on Telecommunication and Networks (TEL-NET)},
  doi = {10.1109/tel-net.2017.8343544},
  url = {https://doi.org/10.1109/tel-net.2017.8343544},
}

@article{wassink_dynamically_positioned_vessels,
  author = {Alain Wassink},
  title = {Dynamically Positioned Vessels in the Arctic: A Comprehensive Research and Development Program for the Key Technologies},
  year = {2011},
  journal = {OTC Arctic Technology Conference},
  doi = {10.4043/22076-ms},
  url = {https://doi.org/10.4043/22076-ms},
  abstract = {<jats:sec>
                  <jats:title>Abstract</jats:title>
                  <jats:p>Offshore oil and gas operations in the arctic poses large challenges for the design of dynamically positioned v...},
}

@article{shimoda_analysis_of_success,
  author = {Atsushi Shimoda},
  title = {Analysis of Success Factors in Global Niche Top Companies using ISM},
  year = {2019},
  journal = {2019 IEEE International Conference on Big Data, Cloud Computing, Data Science &amp; Engineering (BCD)},
  doi = {10.1109/bcd.2019.8884868},
  url = {https://doi.org/10.1109/bcd.2019.8884868},
}

@article{liu_nvm_tunnel_oxide,
  author = {Gang Liu and Matthias Lipinski and Sallie Hose and Santosh Menon},
  title = {NVM Tunnel Oxide Integration in an Advanced BCD Node and its Impact on GOI},
  year = {2024},
  journal = {2024 35th Annual SEMI Advanced Semiconductor Manufacturing Conference (ASMC)},
  doi = {10.1109/asmc61125.2024.10545482},
  url = {https://doi.org/10.1109/asmc61125.2024.10545482},
}

@article{krishna_privateai_a_hybrid,
  author = {Siddanth Krishna and Siri S and Saif Kamalsha and Sai Amruth and Shruti Jadon},
  title = {PRIVATE-AI: A Hybrid Approach to privacy-preserving AI},
  year = {2023},
  journal = {2023 IEEE/ACIS 8th International Conference on Big Data, Cloud Computing, and Data Science (BCD)},
  doi = {10.1109/bcd57833.2023.10466330},
  url = {https://doi.org/10.1109/bcd57833.2023.10466330},
}

@article{deroy_aipowered_answer_assessment,
  author = {Aniket Deroy and Subhankar Maity},
  title = {AI-Powered Answer Assessment: A Comprehensive Overview},
  doi = {10.36227/techrxiv.172262762.21033168/v1},
  url = {https://doi.org/10.36227/techrxiv.172262762.21033168/v1},
}

@article{j_beyond_the_ai,
  author = {Agustí Cullell J},
  title = {Beyond the AI Conundrum: The Future of Intelligence Lies in its Social Flourishing},
  journal = {Philosophy International Journal},
  doi = {10.23880/phij-16000251},
  url = {https://doi.org/10.23880/phij-16000251},
}

@article{mohammed_aipowered_traffic_optimization,
  author = {Ubaid Ul Mannan Mohammed},
  title = {AI-Powered Traffic Optimization: A Paradigm Shift in Network Management},
  journal = {Current Trends in Engineering Science (CTES)},
  doi = {10.54026/ctes/1072},
  url = {https://doi.org/10.54026/ctes/1072},
  abstract = {<jats:p>Network management has long relied on traditional methods, often reactive and limited in scope. However, the increasing
complexity and dynamism of modern networks demand a more intelligent and...},
}
